2924 4994
224 480 259 537 ,Ἣ
339 477 403 522 THE
428 477 588 522 neclsren
609 478 651 522 OF
672 477 882 522 ARCHBISHOP
902 477 1049 523 wlmare
1072 480 1272 526 WICKWANE.

222 656 308 708 mus,
319 646 352 696 et
365 632 602 716 pertinentiam
613 652 673 695 sen
683 630 918 715 spectandam,
929 631 974 695 ad
985 633 1214 716 provisionem
1224 642 1379 701 nostram

224 746 257 790 ct
281 745 510 790 successorum
533 724 729 807 hujusmodi
751 724 1004 808 imperpetuum
1027 732 1143 790 tenore
1165 729 1378 810 presencium

223 819 431 883 ordinamus.
479 816 575 880 Prior
604 816 711 880 eciam
743 822 777 878 et
820 823 1010 880 conventus
1051 817 1095 882 de
1137 821 1378 902 procuracione

58 951 176 985 erlino
224 909 453 975 archidiaconi
492 915 527 971 et
567 907 789 992 synodalibus
828 914 994 991 perpetuo
1035 910 1301 994 respondebunt,
1342 919 1377 977 et

60 1006 162 1089 ’,ζῑζω
223 1003 361 1069 cuilibet
380 1001 516 1074 vicario
529 1001 590 1083 qui
605 1020 667 1083 pro
679 1007 832 1083 tempore
845 999 891 1064 ibi
902 1000 1016 1078 fuerit,
1029 1022 1076 1065 xx
1092 1001 1218 1067 solidos
1233 1005 1377 1087 argenti,

64 1094 158 1135 *el-'¹²⁸⁸
225 1098 258 1158 in
279 1094 376 1157 lestis
392 1093 507 1159 Sancti
526 1091 665 1156 Martini
682 1092 716 1154 in
735 1092 856 1175 hyeme
871 1097 905 1155 et
920 1091 1149 1170 PentecosteS,
1162 1114 1223 1178 per
1239 1097 1378 1180 equales

62 1144 210 1260 {illirium
227 1187 402 1269 porciones
424 1184 629 1267 persolvent,
653 1183 789 1246 nomine
813 1203 925 1247 annue
949 1190 984 1248 et
1007 1193 1171 1269 perpetue
1194 1188 1376 1270 pensionis.

60 1254 209 1391 QZ&
229 1279 271 1343 Et
291 1277 433 1361 predicti
450 1277 541 1360 prior
556 1284 591 1339 et
608 1280 798 1339 conventus
814 1274 968 1358 predicto
984 1276 1111 1341 vicario
1127 1283 1163 1342 et
1179 1280 1377 1344 successori-

62 1403 198 1441 ωιλαμ,
226 1373 291 1437 bus
305 1371 376 1434 suis
390 1390 452 1453 pro
467 1369 562 1432 libris
577 1375 612 1432 et
628 1366 837 1431 ornamentis
854 1367 959 1450 ipsius
975 1368 1111 1433 ecclesie
1128 1371 1326 1453 reparandis
1342 1380 1377 1436 et

224 1461 433 1528 sustinendis
453 1461 647 1545 persolvent
670 1458 714 1523 ad
738 1459 962 1523 Pentecosten
985 1467 1020 1523 et
1042 1460 1088 1524 ad
1109 1462 1237 1526 festum
1258 1462 1376 1528 Sancti

225 1647 416 1719 annuatim,
433 1655 468 1709 et
494 1643 575 1708 iiiid.
593 1643 698 1707 annui
723 1641 877 1707 redditus
893 1642 938 1706 ad
963 1643 1099 1708 eosdem
1125 1646 1290 1710 terminos
1315 1668 1377 1730 pro

226 1739 441 1823 porcionibus
467 1735 656 1820 equalibus,
684 1755 746 1818 pro
772 1734 904 1818 ceragio
932 1734 1107 1819 Radulphi
1134 1736 1193 1800 filii
1221 1736 1377 1822 Hugonis

224 1847 257 1895 et
287 1830 450 1894 heredum
469 1847 619 1904 suorum,
639 1827 682 1890 de
704 1825 856 1910 quadam
881 1832 972 1891 terra
995 1827 1031 1891 in
1054 1826 1240 1894 Westcroft
1270 1850 1376 1914 quam

228 1921 449 2006 liudrdphus
466 1920 633 2006 presbiter
669 1917 853 2003 aliquando
891 1919 1014 1983 tenuit.
1060 1920 1107 1983 Et
1145 1920 1253 1986 eciam
1290 1943 1377 1987 onus

224 2014 364 2081 cancelli
397 2011 615 2078 construendi
649 2030 708 2075 seu
742 2009 921 2094 reparandi
966 2011 1186 2076 sustinebunt
1230 2013 1376 2096 predicti

112 2127 134 2157 ··
169 2163 174 2174 ,
224 2109 315 2191 prior
341 2117 375 2171 et
403 2111 604 2180 conventus,
632 2103 793 2186 quociens
820 2102 988 2166 cancellus
1015 2103 1057 2166 de
1084 2124 1176 2168 novo
1204 2105 1294 2169 refici
1321 2107 1376 2169 vel

223 2199 375 2265 construi
412 2196 604 2281 indiguerit.
652 2193 748 2258 Idem
785 2213 866 2257 vero
903 2194 994 2277 prior
1030 2201 1065 2259 et
1101 2202 1303 2274 conventus,
1341 2205 1375 2261 et

72 2302 75 2309 “
127 2302 158 2338 ’·
225 2285 584 2375 predictus‘yicarius
624 2287 666 2350 de
705 2284 863 2350 oneribus
896 2286 1173 2351 extraordinariis
1204 2308 1267 2371 pro
1300 2296 1376 2353 rata

224 2383 422 2467 porcionnm
445 2400 583 2445 suarum
606 2386 771 2462 perpetuo
794 2377 1059 2461 respondebunt.
1107 2378 1215 2444 Nobis
1237 2400 1318 2444 vero
1341 2388 1375 2444 et

223 2474 471 2540 sucessoribus
516 2471 640 2536 nostris
688 2475 896 2554 potestatem
951 2490 1162 2535 reservamus
1214 2471 1374 2546 addendi,

224 2566 392 2633 nintnndi.
409 2563 595 2636 minuendi,
614 2561 812 2646 corrigendi,
833 2560 1038 2638 declarandi,
1062 2563 1311 2647 interpretandi
1341 2565 1374 2628 in

223 2658 393 2741 premissis
402 2666 435 2722 ct
449 2656 588 2740 singulis
600 2650 1166 2738 premissorumqnocienscumque
1178 2661 1212 2719 et
1222 2654 1376 2739 quando·

222 2772 369 2833 cumque
385 2749 482 2813 nobis
500 2751 547 2828 [et
567 2745 814 2810 successoribus
833 2745 987 2826 nostris]¹
1001 2745 1176 2810 videbitur
1193 2747 1352 2830 expedire
1368 2771 1374 2825 ;

223 2857 255 2907 et
279 2858 350 2905 nnn
364 2841 539 2919 religiosos
556 2858 661 2922 quam
685 2837 849 2900 vicarium
863 2836 924 2919 qui
945 2839 1297 2921 protemporefuerit,
1317 2860 1378 2923 per

227 2937 398 2999 luntrium
420 2933 525 3016 ipsius
546 2929 682 2994 ecclesie
704 2928 746 2992 de
768 2928 902 3011 Marsey
922 2929 1233 3012 sequestracionem
1254 2938 1289 2995 et
1310 2931 1377 2996 alio

222 3045 439 3109 qrucunrqnc
472 3023 584 3097 modo,
618 3028 720 3104 prout
753 3019 851 3083 nobis
883 3019 937 3083 vel
969 3021 1220 3086 successoribus
1251 3024 1376 3087 nostris

225 3118 399 3201 placuerit,
425 3116 468 3180 nd
493 3113 749 3179 observandam
775 3111 1015 3195 premissomm
1040 3118 1074 3176 et
1099 3113 1309 3197 singulorum
1335 3114 1376 3178 de

225 3210 403 3292 premissis,
426 3225 642 3292 qrrocnmqne
665 3212 817 3286 tempore
833 3202 1057 3286 compellendi
1079 3204 1208 3288 absque
1229 3206 1375 3289 strepitu

227 3300 376 3375 inliciuli
394 3317 633 3384 qrunnmqne3
667 3296 721 3359 cui
738 3302 853 3378 partes
870 3294 950 3358 hinc
967 3294 1045 3359 inde
1061 3316 1124 3379 pro
1140 3316 1176 3360 se
1193 3304 1228 3361 et
1244 3317 1374 3362 succes·

223 3416 270 3457 sor
281 3393 354 3457 rbus
369 3391 438 3457 suis
453 3389 694 3456 nmnnciarunt
710 3386 858 3450 omnino
907 3386 1101 3470 Ingressum
1116 3394 1233 3452 autem
1248 3389 1372 3454 eisdem

58 3474 175 3554 2,le
225 3484 383 3563 retunsis·
430 3483 463 3547 in
498 3480 672 3547 ecclesiam
717 3477 927 3542 antedictam
962 3479 1151 3544 seeundum
1185 3480 1305 3545 seriem
1341 3489 1375 3545 et

60 3581 75 3627 ⁸·
101 3582 146 3649 1⁴3*
168 3559 193 3601 ⁸*
224 3576 454 3643 nrtntnucienn
478 3579 704 3638 memoratam
727 3569 876 3653 graciose
899 3569 1140 3648 concedimus;
1188 3570 1376 3637 dummodo

223 3668 480 3735 ,ucludunonns
505 3665 579 3738 loci,
607 3663 661 3726 vel
687 3663 761 3745 ejus
787 3660 949 3738 officialis
977 3664 1200 3745 personaliter
1225 3663 1373 3740 affuerit,

222 3778 253 3829 et
272 3784 324 3833 urs
335 3760 398 3825 utu
411 3759 544 3824 nitrum
557 3757 589 3820 in
603 3755 753 3837 ingressu
767 3752 883 3818 videat
895 3760 929 3817 et
942 3761 1116 3837 agnoscat,
1129 3761 1164 3820 et
1176 3755 1374 3840 hujusmodi

224 3870 361 3933 prunus
397 3859 510 3914 nostre
546 3848 600 3932 pie
635 3866 669 3909 se
705 3845 846 3929 prebeat
882 3845 917 3908 in
952 3852 1153 3911 contestem.
1200 3846 1304 3912 Salvo
1339 3849 1373 3912 in

224 3967 392 4024 mennon
417 3941 553 4007 ecclesie
579 3946 692 4002 nostre
719 3936 942 4001 Eboraeensis
966 3937 1041 4021 jure
1066 3958 1200 4022 semper
1224 3946 1259 4003 et
1284 3939 1373 4005 sedis

221 4039 373 4111 ,rinion
398 4032 574 4118 dignitate.
622 4029 752 4093 Datum
777 4036 811 4091 et
836 4034 952 4093 actum
977 4028 1019 4092 de
1042 4050 1208 4095 consensu
1232 4032 1373 4115 capituli

223 4150 327 4196 nunu
351 4124 580 4194 liturncensis.

277 4268 285 4319 r
312 4246 386 4312 utus
402 4246 491 4310 tet..
518 4240 607 4321 (Oct.
631 4243 694 4319 13),
716 4235 809 4313 1280,
826 4257 917 4301 anno
935 4256 964 4303 2.
997 4237 1162 4303 Martone.
1193 4239 1374 4305 Institueio

224 4358 338 4410 noun
406 4332 602 4406 ll'illelmns,
618 4336 695 4406 etc,
712 4327 879 4393 Willelmo
895 4329 936 4393 de
960 4329 1156 4414 Langetott,
1172 4331 1371 4414 presbitero

703 4469 784 4518 From
798 4471 833 4517 10.
853 4469 908 4517 178.
