2924 4994
193 452 252 514 228
299 466 366 512 rue
387 464 549 511 misire
569 465 612 509 os
634 466 846 511 ,meremor
865 465 1018 511 tumn
1037 466 1246 512 umam

193 623 365 697 oonyenit,
386 640 551 705 suspenso
571 621 690 704 rigoris
709 621 902 687 conamine.
921 621 1110 685 salubriter
1122 623 1354 706 pernactetis.

194 715 363 789 Vestram,
395 713 575 796 siquidem,
600 714 819 777 honestatem
841 713 961 776 decere
983 713 1205 778 attendimus
1226 716 1355 798 pecor'ss

194 808 297 871 vestri
329 806 464 869 tultum
495 825 688 889 agnoscere,
717 816 753 868 et
781 816 956 868 errantem
983 806 1163 870 oviculam
1190 806 1240 870 ad
1266 807 1353 871 ovsse

194 900 368 983 proprium
396 898 499 960 alacri
527 897 801 980 promptitudine
828 917 999 971 revocare,
1027 918 1072 960 ne
1097 898 1355 963 discriminosns

194 990 346 1075 ejusdem
373 990 447 1052 mis
474 998 587 1053 vestre
613 990 774 1053 interum
798 988 842 1052 de
866 990 992 1053 rustris
1017 990 1182 1054 manibus
1207 990 1355 1055 finaliter

194 1083 396 1166 requiratur.
481 1079 573 1163 Quid
607 1092 726 1145 autem
766 1081 914 1145 feceritis
954 1082 991 1145 in
1034 1083 1214 1164 premisnss
1258 1084 1355 1148 nob'ss

193 1173 395 1259 oportunius
422 1172 627 1237 rescribatis.

33 1333 155 1379 mm
237 1305 311 1372 554.
360 1305 399 1369 15
441 1289 509 1354 kal.
552 1290 678 1373 Aprilis
719 1289 852 1369 (March
895 1289 947 1365 18,
991 1289 1140 1370 οδω).
1186 1291 1353 1357 Burtone.

32 1385 161 1479 ww
195 1382 342 1448 Domino
366 1381 486 1446 abbati
512 1380 620 1446 Beate
645 1382 751 1445 ilarie
775 1382 1012 1445 eboracensis.
1058 1382 1262 1451 Descendit
1285 1392 1353 1461 cte,

33 1469 179 1581 mono
194 1495 294 1559 usquc
321 1483 493 1556 quatenus
521 1484 638 1538 vestra
665 1475 841 1557 capacitas
868 1474 997 1537 sufficit
1019 1475 1139 1557 pronis
1165 1476 1354 1542 visceribus

99 1566 104 1578 '
193 1566 449 1650 amplectentes.
496 1565 596 1641 Ecce,
619 1566 815 1649 Johannem
836 1566 880 1629 de
900 1565 1130 1643 Oswaldkirk,
1155 1588 1353 1633 commona-

193 1660 295 1724 ebum
323 1667 488 1732 vestmm,
516 1658 745 1722 exhibitorem
771 1658 1011 1741 presencium:
1054 1659 1129 1742 qui,
1156 1669 1240 1743 post
1265 1681 1351 1745 vaga

193 1750 294 1817 seculi
325 1749 521 1813 discrimina
550 1750 677 1833 quibus
705 1760 828 1814 contra
855 1751 1076 1833 professionis
1103 1771 1167 1815 sne
1195 1752 1352 1818 debitum

194 1865 228 1909 se
247 1841 484 1907 miserabiliter
502 1842 661 1925 exposuit
682 1846 751 1923 (etc.
771 1863 809 1905 as
828 1841 933 1922 before
950 1841 1028 1905 mita
1045 1842 1146 1927 diglat
1162 1844 1352 1909 &annom

193 1944 238 2015 to)
263 1935 465 2019 requiratur.
514 1933 630 2010 Porro,
655 1934 683 1997 si
708 1934 871 2018 regularis
895 1934 980 1998 ordo
1003 1954 1073 1998 non
1098 1935 1238 2018 patitur
1259 1936 1351 2022 quod

193 2048 270 2093 eum
285 2026 474 2107 recolligere
487 2025 652 2093 debeatis.
665 2026 702 2089 id
713 2026 813 2090 nobis
824 2026 1017 2110 expressius
1028 2027 1168 2091 rescribi
1178 2029 1351 2107 volmnus,

194 2130 244 2197 ut,
262 2127 332 2184 tam
351 2119 463 2182 anime
478 2138 537 2182 sue
553 2117 669 2194 saluti,
685 2138 791 2201 quam
807 2118 961 2202 religiose
975 2119 1164 2195 honestati,
1178 2128 1351 2205 quatenus

193 2210 378 2280 secrrndum
416 2210 526 2273 Deum
562 2209 721 2294 expedire
742 2210 940 2285 uiderimus,
967 2210 1146 2275 valeamus
1158 2213 1351 2278 consultius

194 2303 381 2392 providere.

268 2417 559 2506 Jumsnrccio
590 2419 654 2483 ne
685 2418 933 2484 novenum
966 2419 1031 2484 ne
1060 2419 1195 2487 anuo
1224 2422 1277 2507 Γ.

238 2553 311 2623 555.
355 2535 394 2600 16
408 2534 474 2599 kal.
493 2534 575 2599 Dec.
595 2534 698 2614 (Nov.
718 2535 770 2612 16,
792 2542 902 2620 1279)·
942 2535 1085 2621 Scroby.
1131 2537 1300 2604 Mandate
1314 2546 1349 2604 to

66 2620 91 2700 ¹.
138 2618 146 2632 ⁶
196 2635 253 2703 the
268 2628 431 2785 guargan
449 2627 485 2690 oi
500 2626 558 2781 thle
574 2625 793 2782 Slpirqualiity
808 2629 845 2692 ol
861 2628 1030 2784 quccllenp
1044 2630 1350 2789 intghecrlrliattqro}

197 2774 206 2793 ,
296 2750 303 2765 ·
400 2740 496 2783 rimas
523 2739 565 2781 (e
650 2739 758 2795 ran,
812 2740 908 2784 resen
1023 2741 1044 2784 0
1112 2742 1131 2785 e

197 2727 454 2899 mirmiram,
474 2811 521 2894 by
540 2739 688 2874 Willizim
709 2811 751 2874 de
771 2740 938 2888 iiasham,
959 2833 980 2876 a
998 2815 1105 2877 monk
1123 2815 1194 2878 and
1204 2745 1350 2899 lpreroetrir

196 2914 230 2981 ol
249 2910 306 2978 the
325 2911 521 2986 monastery
540 2903 576 2965 ol
595 2901 762 2978 Durham,
783 2905 817 2967 in
838 2905 897 2968 the
915 2925 1017 2968 name
1036 2906 1072 2969 of
1091 2906 1151 2970 the
1169 2909 1265 2990 prior
1282 2908 1348 2973 and

196 3007 341 3075 convent
360 2997 395 3062 ol
414 2996 472 3060 tbe
491 3014 595 3069 same,
618 2994 637 3018 “
652 2995 828 3076 quatinus,
849 2997 943 3060 iacta
961 2997 1108 3061 fideliter
1126 2998 1348 3082 inquisicione

197 3102 230 3168 in
255 3096 354 3184 pleno
377 3088 439 3154 loci
464 3085 616 3169 capitulo
640 3106 683 3148 an
709 3095 810 3150 vacet
835 3087 929 3152 dicta
953 3089 1105 3166 ecclesia,
1129 3091 1292 3174 qualiter,
1315 3101 1347 3157 et

198 3211 302 3279 aquo
319 3196 481 3268 tempore,
500 3178 576 3261 quis
594 3177 647 3239 vel
666 3178 726 3259 qui
746 3178 791 3241 ad
809 3179 954 3243 eandem
972 3180 1121 3245 debeant
1140 3192 1347 3266 presentare,

197 3288 273 3376 quis
288 3279 408 3349 ultimo
422 3272 465 3338 ad
482 3269 625 3335 eandem
641 3270 865 3352 presentavit,
882 3272 960 3354 quis
975 3280 1027 3336 est
1043 3274 1152 3337 eciam
1167 3275 1204 3338 in
1219 3297 1348 3359 posses·

198 3384 289 3451 sione
307 3363 532 3461 presentandi,
551 3381 594 3425 an
612 3361 656 3425 sit
674 3360 833 3444 litigiosa,
853 3383 896 3425 an
914 3364 959 3428 sit
976 3366 1206 3448 pensionaria‚
1223 3369 1349 3451 quibus

199 3485 232 3544 et
252 3475 285 3540 in
303 3470 443 3554 quanto,
462 3461 631 3542 quantum
651 3452 767 3517 valeat
786 3456 967 3519 annuatim
984 3478 992 3532 ;
1029 3456 1072 3520 de
1091 3458 1223 3523 meritis
1241 3462 1346 3525 eciam

201 3556 393 3661 presentati,
420 3571 463 3617 an
490 3548 533 3613 sit
560 3545 742 3630 legitimus,
771 3546 937 3629 ydoneus,
965 3555 1000 3611 et
1028 3549 1205 3626 honestus,
1230 3573 1276 3616 an
1305 3554 1347 3618 sit

202 3661 346 3751 legitime
369 3645 481 3719 etatis,
507 3659 549 3705 an
576 3638 620 3702 sit
646 3637 726 3701 alibi
752 3637 987 3715 beneficiatus,
1013 3641 1113 3724 cujus
1138 3642 1184 3706 sit
1209 3644 1348 3719 ordinis,

203 3780 246 3829 an
263 3743 389 3838 aliquid
405 3736 494 3806 obsit
512 3729 799 3819 presentantibus,
819 3751 860 3793 ac
878 3730 920 3794 de
938 3732 1060 3797 ceteris
1080 3733 1189 3798 solitis
1207 3737 1348 3802 circum·

204 3845 350 3925 glandis,
362 3833 459 3906 nobis
471 3827 534 3896 sub
547 3831 608 3890 tuo
621 3829 656 3886 et
669 3821 933 3886 testificancium
947 3823 1049 3888 simul
1062 3825 1180 3910 sigillis
1191 3835 1349 3895 constare

207 3941 337 4031 hemis
350 3928 520 4002 evidenter
535 3941 543 3998 ;
571 3916 620 3981 ita
633 3913 727 3999 quod
741 3933 843 3998 super
857 3916 982 3994 qiravis
996 3916 1128 3982 desidia
1141 3939 1212 3984 non
1225 3920 1350 3986 debeas

208 4027 411 4132 reprehendi.
455 4015 546 4085 Vale.

252 4137 438 4218 Admission
457 4117 559 4194 dated
575 4122 611 4182 at
633 4110 772 4195 Scroby,
795 4128 835 4213 13
853 4111 920 4174 kal.
938 4111 1019 4176 Dec.
1043 4113 1147 4194 (Nov.
1167 4122 1234 4200 19),
1255 4138 1348 4204 1²79»

212 4244 305 4317 “5¹55
325 4219 554 4305 commendam
580 4207 684 4296 ipsius
709 4203 845 4268 ecclesie
873 4223 982 4286 usque
999 4224 1060 4269 sex
1084 4226 1219 4273 menses
1249 4231 1271 4276 a
1297 4211 1349 4275 die

213 4334 403 4432 :upradicto
419 4302 663 4402 computandos
688 4317 731 4363 ex
757 4316 861 4360 causa
885 4295 1038 4380 legitima
1063 4301 1348 4368 committend0.”

216 4445 313 4514 gama
330 4429 418 4496 date.
461 4407 565 4480 Order
580 4407 616 4466 to
633 4395 690 4461 the
705 4388 871 4475 guardian
888 4393 925 4452 to
947 4388 1078 4454 induet.

602 4508 780 4569 iflouedene.
818 4503 866 4556 Fo.
884 4504 939 4556 119.
