2924 4994
212 498 272 562 342
322 499 388 546 THE
411 500 574 548 REGISTER
594 501 637 548 OF
658 500 869 548 ARCHBISHOP
889 501 1037 548 WILLIAM
1059 501 1265 548 WICKWANE.

215 657 397 723 salubriter
414 665 536 724 contra
553 658 752 744 hujusmodi
770 663 1035 742 presumptores.
1060 657 1227 743 Accept0,
1240 658 1369 742 itaque,

214 769 285 814 non
296 756 348 815 est
361 750 504 827 dudum,
518 771 560 815 ex
572 757 671 835 parte
690 748 829 816 rectoris
847 749 891 814 de
905 749 951 828 S.,
968 757 1084 814 nostre
1102 749 1260 827 diocesiS,
1280 749 1370 834 quod

214 841 370 907 nonnulli
391 842 590 927 parochiani
611 841 675 920 sui,
698 841 930 907 indevocionis
952 840 1111 926 spiritum
1134 842 1329 919 induentes,
1351 863 1370 907 a

214 932 330 999 debite
351 933 547 1000 devocionis
567 933 691 999 semita
710 941 809 999 motu
830 932 1011 999 temerario
1031 933 1195 1019 elongati,
1216 934 1370 1019 garbales

94 1069 96 1072 <
215 1025 365 1091 decimas
382 1027 541 1110 parochie
558 1026 713 1112 ejusdem
726 1025 791 1092 sibi
800 1026 1022 1104 subtrahunt,
1033 1025 1099 1103 vel,
1112 1025 1370 1091 machinacione

214 1117 387 1194 malivola,
399 1117 510 1183 colore
525 1117 719 1203 impediunt
728 1116 900 1202 exquisito
914 1117 1099 1202 quominus
1114 1117 1268 1183 decimas
1283 1118 1371 1202 ipsas

215 1229 309 1274 more
328 1216 492 1275 consueto
511 1216 546 1275 et
565 1210 684 1275 debito
701 1210 811 1295 possit
830 1209 1001 1294 percipere
1022 1214 1058 1274 et
1079 1230 1101 1274 a
1117 1210 1251 1294 campis
1269 1209 1371 1274 libere

215 1301 384 1367 abducere
399 1303 474 1386 jure
489 1323 562 1380 su0‚
587 1301 622 1367 in
638 1301 744 1387 ipsius
760 1301 899 1367 rectoris
914 1301 1132 1385 dispendium
1148 1308 1184 1366 et
1201 1301 1371 1367 dictorum

215 1395 501 1477 parochianorum
555 1394 744 1479 periculum
798 1393 1014 1472 animarum;
1079 1393 1261 1459 devocioni
1314 1399 1371 1458 tue

215 1485 422 1551 mandamus
444 1485 608 1570 quatinus
625 1486 852 1571 parochianos
869 1485 960 1570 ipsos
977 1505 1118 1551 moneas
1135 1485 1321 1550 efficaciter
1337 1494 1370 1550 et

216 1576 359 1644 inducas
388 1578 482 1662 quod
513 1578 636 1643 rectori
665 1598 727 1643 suo
758 1578 801 1643 de
831 1577 933 1643 dietis
963 1577 1103 1642 decimis
1133 1584 1169 1641 et
1199 1576 1371 1662 dampnis,

216 1670 392 1735 occasione
407 1669 655 1736 subtraccionis
670 1669 830 1735 malivole
845 1669 1037 1735 subsecutis
1049 1689 1109 1734 seu
1132 1669 1372 1754 impedimenti

215 1762 401 1846 quominus
438 1762 691 1828 abducerentur
727 1760 853 1846 prelati
890 1761 1043 1826 celeriter
1079 1760 1310 1838 satisfaciant,
1332 1767 1371 1827 ut

216 1861 379 1919 tenentur
390 1877 397 1932 ;
410 1854 561 1938 alioquin
571 1874 639 1931 eos,
650 1861 819 1938 tanquam
829 1872 898 1917 non
909 1852 1119 1918 decimantes
1129 1858 1165 1918 et
1174 1852 1371 1918 libertatem

216 1946 480 2011 ecclesiasticam
499 1944 766 2030 dampnabiliter
783 1944 1016 2030 infringentes,
1030 1944 1065 2008 in
1079 1944 1220 2030 majoris
1237 1965 1371 2011 excom-

216 2037 461 2103 municacionis
502 2037 713 2103 sentenciam
755 2044 877 2102 contra
919 2036 1005 2101 tales
1047 2036 1112 2100 Dei
1154 2043 1190 2101 et
1234 2037 1371 2102 ecclesie

216 2129 429 2194 adversarios
472 2180 611 2194 .......
654 2129 784 2194 tissime
821 2129 1086 2213 promulgatam,
1124 2148 1186 2212 per
1222 2128 1372 2214 singulas

216 2221 374 2286 ecclesias
404 2221 456 2287 tui
486 2221 674 2286 decanatus
704 2220 840 2305 puplice
870 2226 904 2285 et
935 2219 1156 2304 solempniter
1185 2220 1221 2284 in
1252 2240 1371 2305 genere

217 2313 400 2379 denuncies
416 2313 582 2378 incidisse.
630 2313 745 2397 Aqua
760 2311 1026 2377 denunciacione
1043 2331 1113 2376 non
1134 2332 1246 2378 cesses
1265 2312 1371 2379 donec

217 2405 310 2470 dicto
350 2405 473 2470 rectori
513 2404 584 2486 [de]
622 2404 794 2489 premissis
834 2404 938 2469 luerit
984 2454 1078 2468 .....
1087 2409 1140 2468 ter
1179 2408 1215 2468 et
1257 2404 1370 2469 debite

216 2497 444 2563 satisfactum.
481 2516 483 2520 “
517 2496 626 2581 Super
679 2516 826 2581 quorum
880 2495 1077 2561 nominibus
1129 2495 1371 2561 nichilominus

217 2589 396 2674 diligenter
409 2589 570 2674 inquiras.
618 2589 711 2672 Quos
724 2596 841 2654 autem
855 2587 919 2653 rite
932 2593 1083 2666 notatos,
1097 2593 1175 2665 etc,
1190 2587 1370 2664 inveneris

217 2680 301 2746 cites
316 2680 544 2766 peremptorie
560 2679 665 2764 quod,
683 2686 748 2745 etc.
794 2680 890 2756 Dat,
908 2686 973 2744 etc.

261 2788 334 2858 935.
356 2792 375 2854 3
395 2774 462 2838 kal.
483 2772 565 2837 Maii
585 2772 695 2857 (April
714 2776 780 2857 29),
803 2771 897 2837 1286.
946 2772 1090 2836 Lanum.
1111 2771 1236 2837 Notice
1257 2779 1295 2838 to
1314 2773 1370 2837 the

216 2866 309 2950 prior
344 2866 412 2930 and
447 2871 596 2929 convent
632 2866 668 2929 oi
702 2864 917 2948 Thurgerton
953 2864 1000 2949 by
1036 2863 1244 2949 archbishop
1281 2865 1370 2949 John

218 2958 396 3022 Romanus
412 2959 448 3022 of
464 2957 517 3022 his
534 2956 705 3021 intention
722 2963 760 3021 to
777 2956 858 3021 visit
875 2957 934 3020 the
952 2957 1057 3020 house
1074 2976 1119 3020 on
1136 2956 1268 3043 Friday
1286 2957 1372 3022 alter

216 3050 276 3115 the
310 3049 493 3115 Invention
527 3051 562 3112 of
594 3050 653 3113 the
686 3048 784 3113 Cross
818 3048 912 3134 (May
947 3052 1013 3129 10).
1061 3046 1136 3129 (See
1170 3048 1371 3115 Romanus's

216 3142 371 3228 Registen
393 3143 437 3207 lo.
458 3142 526 3227 69.)
